@article{lichtsteiner2008128,
  title={A 128$\times$ 128 120 dB 15 $\mu$s Latency Asynchronous Temporal Contrast Vision Sensor},
  author={Lichtsteiner, Patrick and Posch, Christoph and Delbruck, Tobi},
  journal={IEEE journal of solid-state circuits},
  volume={43},
  number={2},
  pages={566--576},
  year={2008},
  publisher={IEEE}
}

@article{brandli2014240,
  title={A 240$\times$ 180 130 db 3 $\mu$s latency global shutter spatiotemporal vision sensor},
  author={Brandli, Christian and Berner, Raphael and Yang, Minhao and Liu, Shih-Chii and Delbruck, Tobi},
  journal={IEEE Journal of Solid-State Circuits},
  volume={49},
  number={10},
  pages={2333--2341},
  year={2014},
  publisher={IEEE}
}

@book{michelson1995studies,
  title={Studies in optics},
  author={Michelson, Albert Abraham},
  year={1995},
  publisher={Courier Corporation}
}

@article{mueggler2017event,
  title={The event-camera dataset and simulator: Event-based data for pose estimation, visual odometry, and SLAM},
  author={Mueggler, Elias and Rebecq, Henri and Gallego, Guillermo and Delbruck, Tobi and Scaramuzza, Davide},
  journal={The International Journal of Robotics Research},
  volume=36,
  number=2,
  pages={142--149},
  year=2017,
  publisher={sage publications sage uk: london, england}
}

@article{gallego2017accurate,
  title={Accurate angular velocity estimation with an event camera},
  author={Gallego, Guillermo and Scaramuzza, Davide},
  journal={IEEE Robotics and Automation Letters},
  volume={2},
  number={2},
  pages={632--639},
  year={2017},
  publisher={IEEE}
}

@inproceedings{gallego2018unifying,
  title={A unifying contrast maximization framework for event cameras, with applications to motion, depth, and optical flow estimation},
  author={Gallego, Guillermo and Rebecq, Henri and Scaramuzza, Davide},
  booktitle={IEEE Int. Conf. Comput. Vis. Pattern Recog.(CVPR)},
  volume={1},
  year={2018}
}

@inproceedings{mueggler2017fast,
  title={Fast event-based corner detection},
  author={Mueggler, Elias and Bartolozzi, Chiara and Scaramuzza, Davide},
  booktitle={28th British Machine Vision Conference (BMVC)},
  year={2017}
}

@inproceedings{tedaldi2016feature,
  title={Feature detection and tracking with the dynamic and active-pixel vision sensor (davis)},
  author={Tedaldi, David and Gallego, Guillermo and Mueggler, Elias and Scaramuzza, Davide},
  booktitle={Event-based Control, Communication, and Signal Processing (EBCCSP), 2016 Second International Conference on},
  pages={1--7},
  year={2016},
  organization={IEEE}
}

@inproceedings{zhu2017event,
  title={Event-based feature tracking with probabilistic data association},
  author={Zhu, Alex Zihao and Atanasov, Nikolay and Daniilidis, Kostas},
  booktitle={Robotics and Automation (ICRA), 2017 IEEE International Conference on},
  pages={4465--4470},
  year={2017},
  organization={IEEE}
}

@inproceedings{kim2016real,
  title={Real-time 3D reconstruction and 6-DoF tracking with an event camera},
  author={Kim, Hanme and Leutenegger, Stefan and Davison, Andrew J},
  booktitle={European Conference on Computer Vision},
  pages={349--364},
  year={2016},
  organization={Springer}
}

@article{rebecq2017evo,
  title={Evo: A geometric approach to event-based 6-dof parallel tracking and mapping in real time},
  author={Rebecq, Henri and Horstschaefer, Timo and Gallego, Guillermo and Scaramuzza, Davide},
  journal={IEEE Robotics and Automation Letters},
  volume={2},
  number={2},
  pages={593--600},
  year={2017},
  publisher={IEEE}
}
